% this should have been our main source
% probably the original paper
% not cited yet...
@inproceedings{XDP,
  title={The express data path: Fast programmable packet processing in the operating system kernel},
  author={H{\o}iland-J{\o}rgensen, Toke and Brouer, Jesper Dangaard and Borkmann, Daniel and Fastabend, John and Herbert, Tom and Ahern, David and Miller, David},
  booktitle={Proceedings of the 14th international conference on emerging networking experiments and technologies},
  pages={54--66},
  year={2018}
}

@article{FastXDP,
  title={Fast packet processing with ebpf and xdp: Concepts, code, challenges, and applications},
  author={Vieira, Marcos AM and Castanho, Matheus S and Pac{\'\i}fico, Racyus DG and Santos, Elerson RS and J{\'u}nior, Eduardo PM C{\^a}mara and Vieira, Luiz FM},
  journal={ACM Computing Surveys (CSUR)},
  volume={53},
  number={1},
  pages={1--36},
  year={2020},
  publisher={ACM New York, NY, USA}
}

@misc{DemystifyingXDP,
title={Demystifying XDP: Your guide to high-performance packet processing in linux},
url={https://www.linkedin.com/pulse/demystifying-xdp-your-guide-high-performance-packet-linux-vyavahare-rh7wc/},
journal={LinkedIn},
author={Vyavahare, Tushar},
year={2023},
month={Dec},
day={10}
}

% not currently used but an overall intresting paper
@inproceedings{XDPPractice,
  title={XDP in practice: integrating XDP into our DDoS mitigation pipeline},
  author={Bertin, Gilberto},
  booktitle={Technical Conference on Linux Networking, Netdev},
  volume={2},
  pages={1--5},
  year={2017},
  organization={The NetDev Society}
}
