@inproceedings{XDPDDoS,
  title={XDP in practice: integrating XDP into our DDoS mitigation pipeline},
  author={Bertin, Gilberto},
  booktitle={Technical Conference on Linux Networking, Netdev},
  pages={1--5},
  year={2017}
}

@article{FastXDP,
  title={Fast packet processing with ebpf and xdp: Concepts, code, challenges, and applications},
  author={Vieira, Marcos AM and Castanho, Matheus S and Pac{\'\i}fico, Racyus DG and Santos, Elerson RS and J{\'u}nior, Eduardo PM C{\^a}mara and Vieira, Luiz FM},
  journal={ACM Computing Surveys (CSUR)},
  pages={1--36},
  year={2020}
}

@misc{XDPRedHat, 
    title={Get started with XDP},
    url={https://developers.redhat.com/blog/2021/04/01/get-started-with-xdp#task_3__map_and_count_the_processed_packets},
    journal={Red Hat Developer},
    publisher={Red Hat Developer},
    author={Liu, Hangbin},
    year={2022}
} 

% main source %
@inproceedings{XDP,
  title={The express data path: Fast programmable packet processing in the operating system kernel},
  author={H{\o}iland-J{\o}rgensen, Toke and Brouer, Jesper Dangaard and Borkmann, Daniel and Fastabend, John and Herbert, Tom and Ahern, David and Miller, David},
  booktitle={Proceedings of the 14th international conference on emerging networking experiments and technologies},
  pages={54--66},
  year={2018}
}